@inproceedings{flushReload,
    author = {Yarom, Yuval and Falkner, Katrina},
    title = {FLUSH+RELOAD: A High Resolution, Low Noise, L3 Cache Side-Channel Attack},
    year = {2014},
    isbn = {9781931971157},
    publisher = {USENIX Association},
    address = {USA},
    booktitle = {Proceedings of the 23rd USENIX Conference on Security Symposium},
    pages = {719–732},
    numpages = {14},
    location = {San Diego, CA},
    series = {SEC'14}
}

@inproceedings{meltdownPaper,
     author = {Moritz Lipp and Michael Schwarz and Daniel Gruss and Thomas Prescher and Werner Haas and Anders Fogh and Jann Horn and Stefan Mangard and Paul Kocher and Daniel Genkin and Yuval Yarom and Mike Hamburg},
     title = {Meltdown: Reading Kernel Memory from User Space},
     booktitle = {27th {USENIX} Security Symposium ({USENIX} Security 18)},
     year = {2018}
}

@inproceedings{spectrePaper,
    author = {Paul Kocher and Jann Horn and Anders Fogh and and Daniel Genkin and Daniel Gruss and Werner Haas and Mike Hamburg and Moritz Lipp and Stefan Mangard and Thomas Prescher and Michael Schwarz and Yuval Yarom},
    title = {Spectre Attacks: Exploiting Speculative Execution},
    booktitle = {40th IEEE Symposium on Security and Privacy (S\&P'19)},
    year = {2019}
}

@book{bookPatterson,
    author = {Patterson, David A. and Hennessy, John L.},
    title = {Computer Organization and Design, Fifth Edition: The Hardware/Software Interface},
    year = {2013},
    publisher = {Morgan Kaufmann Publishers Inc.},
    address = {San Francisco, CA, USA},
    edition = {5th}
}

@misc{seqFile,
  author = {Corbet, Jonathan},
  title = {The seq\_file Interface — The Linux Kernel documentation},
  url = {https://www.kernel.org/doc/html/latest/filesystems/seq\_file.html},
  urldate = {2023-05-23},
  year = {2003},
  organization = {www.kernel.org}
}

@misc{retpolineIntel,
  title = {Retpoline: A Branch Target Injection Mitigation},
  url = {https://www.intel.com/content/dam/develop/external/us/en/documents/retpoline-a-branch-target-injection-mitigation.pdf},
  urldate = {2023-05-24},
  year = {2018},
  organization = {www.intel.com}
}

@misc{databricksMitigations,
  month = {01},
  title = {Meltdown and Spectre: Exploits and Mitigation Strategies},
  url = {https://www.databricks.com/blog/2018/01/16/meltdown-and-spectre-exploits-and-mitigation-strategies.html},
  urldate = {2023-05-23},
  year = {2018},
  organization = {Databricks}
} 